<?xml version="1.0" encoding="UTF-8"?><collection xmlns="http://www.loc.gov/MARC21/slim"><record><leader>00518nam--2200181-i-4500</leader><controlfield tag="001">000014491</controlfield><controlfield tag="002">20161230</controlfield><controlfield tag="005">20161230201030</controlfield><controlfield tag="008">060222s1000------------r-----000-0-eng-d</controlfield><datafield ind1=" " ind2=" " tag="040"><subfield code="a">IFIN-HH</subfield></datafield><datafield ind1=" " ind2=" " tag="080"><subfield code="a">539.192:530.145.6</subfield></datafield><datafield ind1="1" ind2=" " tag="100"><subfield code="a">Bowman, J.M. /S.A.</subfield></datafield><datafield ind1="1" ind2="0" tag="245"><subfield code="a">Molecular collision dynamics. topics in current physics, 33</subfield><subfield code="c">J.m. bowman (ed.)</subfield></datafield><datafield ind1=" " ind2=" " tag="260"><subfield code="a">Berlin</subfield><subfield code="b">Springer-verlag</subfield><subfield code="c">1983</subfield></datafield><datafield ind1=" " ind2=" " tag="300"><subfield code="a">IX+158 P</subfield></datafield><datafield ind1=" " ind2=" " tag="490"><subfield code="a">Topics In Current Physics, 33</subfield></datafield><datafield ind1=" " ind2=" " tag="852"><subfield code="a">45849</subfield><subfield code="c">53</subfield></datafield><datafield ind1=" " ind2=" " tag="CAT"><subfield code="a">Sys</subfield><subfield code="c">20150325</subfield><subfield code="h">131844</subfield></datafield></record></collection>